%% This BibTeX bibliography file was created using BibDesk.
%% http://bibdesk.sourceforge.net/

%% Created for Alex Karle at 2017-10-17 14:27:26 -0400 


%% Saved with string encoding Unicode (UTF-8) 



@inproceedings{pak2010twitter,
	Author = {Pak, Alexander and Paroubek, Patrick},
	Booktitle = {LREc},
	Date-Added = {2017-10-17 18:26:18 +0000},
	Date-Modified = {2017-10-17 18:26:18 +0000},
	Title = {Twitter as a corpus for sentiment analysis and opinion mining.},
	Volume = {10},
	Year = {2010}}

@article{kiritchenko2014sentiment,
	Author = {Kiritchenko, Svetlana and Zhu, Xiaodan and Mohammad, Saif M},
	Date-Added = {2017-10-17 17:31:18 +0000},
	Date-Modified = {2017-10-17 17:31:18 +0000},
	Journal = {Journal of Artificial Intelligence Research},
	Pages = {723--762},
	Title = {Sentiment analysis of short informal texts},
	Volume = {50},
	Year = {2014}}

@article{miller2016blissfully,
  title={"Blissfully happy” or “ready to fight”: Varying Interpretations of Emoji},
  author={Miller, Hannah and Thebault-Spieker, Jacob and Chang, Shuo and Johnson, Isaac and Terveen, Loren and Hecht, Brent},
  journal={Proceedings of ICWSM},
  volume={2016},
  year={2016}
}

@article{novak2015sentiment,
  title={Sentiment of emojis},
  author={Novak, Petra Kralj and Smailovi{\'c}, Jasmina and Sluban, Borut and Mozeti{\v{c}}, Igor},
  journal={PloS one},
  volume={10},
  number={12},
  pages={e0144296},
  year={2015},
  publisher={Public Library of Science}
}

@article{rozental2017amobee,
  title={Amobee at SemEval-2017 Task 4: Deep Learning System for Sentiment Detection on Twitter},
  author={Rozental, Alon and Fleischer, Daniel},
  journal={arXiv preprint arXiv:1705.01306},
  year={2017}
}

@article{giachanou2016like,
  title={Like it or not: A survey of twitter sentiment analysis methods},
  author={Giachanou, Anastasia and Crestani, Fabio},
  journal={ACM Computing Surveys (CSUR)},
  volume={49},
  number={2},
  pages={28},
  year={2016},
  publisher={ACM}
}

@InProceedings{bazSemEval17,
  author    = {Baziotis, Christos  and  Pelekis, Nikos  and  Doulkeridis, Christos},
  title     = {DataStories at SemEval-2017 Task 4: Deep LSTM with Attention for Message-level and Topic-based Sentiment Analysis},
  booktitle = {Proceedings of the 11th International Workshop on Semantic Evaluation (SemEval-2017)},
  month     = {August},
  year      = {2017},
  address   = {Vancouver, Canada},
  publisher = {Association for Computational Linguistics},
  pages     = {747--754}
}

@inproceedings{baccianella2010sentiwordnet,
  title={SentiWordNet 3.0: An Enhanced Lexical Resource for Sentiment Analysis and Opinion Mining.},
  author={Baccianella, Stefano and Esuli, Andrea and Sebastiani, Fabrizio},
  booktitle={LREC},
  volume={10},
  pages={2200--2204},
  year={2010}
}

@article{Miller:1995:WLD:219717.219748,
 author = {Miller, George A.},
 title = {WordNet: A Lexical Database for English},
 journal = {Commun. ACM},
 issue_date = {Nov. 1995},
 volume = {38},
 number = {11},
 month = nov,
 year = {1995},
 issn = {0001-0782},
 pages = {39--41},
 numpages = {3},
 url = {http://doi.acm.org/10.1145/219717.219748},
 doi = {10.1145/219717.219748},
 acmid = {219748},
 publisher = {ACM},
 address = {New York, NY, USA},
}

@article{Mohammad13,
	Author = {Mohammad, Saif M. and Turney, Peter D.},
	Booktitle = {Computational Intelligence},
	Number = {3},
	Pages = {436--465},
	Title = {Crowdsourcing a Word-Emotion Association Lexicon},
	Volume = {29},
	Year = {2013}
}

@inproceedings{owoputi2013improved,
  title={Improved part-of-speech tagging for online conversational text with word clusters},
  author={Owoputi, Olutobi and O'Connor, Brendan and Dyer, Chris and Gimpel, Kevin and Schneider, Nathan and Smith, Noah A},
  year={2013},
  organization={Association for Computational Linguistics}
}

@article{go2009twitter,
  title={Twitter sentiment classification using distant supervision},
  author={Go, Alec and Bhayani, Richa and Huang, Lei},
  journal={CS224N Project Report, Stanford},
  volume={1},
  number={2009},
  pages={12},
  year={2009}
}

@article{blagdon2013, title={How emoji conquered the world}, url={https://www.theverge.com/2013/3/4/3966140/how-emoji-conquered-the-world}, journal={The Verge}, publisher={The Verge}, author={Blagdon, Jeff}, year={2013}, month={Mar}}