%% This BibTeX bibliography file was created using BibDesk.
%% http://bibdesk.sourceforge.net/

%% Created for Alex Karle at 2017-10-17 14:27:26 -0400 


%% Saved with string encoding Unicode (UTF-8) 



@inproceedings{pak2010twitter,
	Author = {Pak, Alexander and Paroubek, Patrick},
	Booktitle = {LREc},
	Date-Added = {2017-10-17 18:26:18 +0000},
	Date-Modified = {2017-10-17 18:26:18 +0000},
	Number = {2010},
	Title = {Twitter as a corpus for sentiment analysis and opinion mining.},
	Volume = {10},
	Year = {2010}}

@article{kiritchenko2014sentiment,
	Author = {Kiritchenko, Svetlana and Zhu, Xiaodan and Mohammad, Saif M},
	Date-Added = {2017-10-17 17:31:18 +0000},
	Date-Modified = {2017-10-17 17:31:18 +0000},
	Journal = {Journal of Artificial Intelligence Research},
	Pages = {723--762},
	Title = {Sentiment analysis of short informal texts},
	Volume = {50},
	Year = {2014}}

@article{miller2016blissfully,
  title={"Blissfully happy” or “ready to fight”: Varying Interpretations of Emoji},
  author={Miller, Hannah and Thebault-Spieker, Jacob and Chang, Shuo and Johnson, Isaac and Terveen, Loren and Hecht, Brent},
  journal={Proceedings of ICWSM},
  volume={2016},
  year={2016}
}

@article{novak2015sentiment,
  title={Sentiment of emojis},
  author={Novak, Petra Kralj and Smailovi{\'c}, Jasmina and Sluban, Borut and Mozeti{\v{c}}, Igor},
  journal={PloS one},
  volume={10},
  number={12},
  pages={e0144296},
  year={2015},
  publisher={Public Library of Science}
}

@inproceedings{wehrmann2017character,
  title={A character-based convolutional neural network for language-agnostic Twitter sentiment analysis},
  author={Wehrmann, Joonatas and Becker, Willian and Cagnini, Henry EL and Barros, Rodrigo C},
  booktitle={Neural Networks (IJCNN), 2017 International Joint Conference on},
  pages={2384--2391},
  year={2017},
  organization={IEEE}
}

@article{rozental2017amobee,
  title={Amobee at SemEval-2017 Task 4: Deep Learning System for Sentiment Detection on Twitter},
  author={Rozental, Alon and Fleischer, Daniel},
  journal={arXiv preprint arXiv:1705.01306},
  year={2017}
}

@article{giachanou2016like,
  title={Like it or not: A survey of twitter sentiment analysis methods},
  author={Giachanou, Anastasia and Crestani, Fabio},
  journal={ACM Computing Surveys (CSUR)},
  volume={49},
  number={2},
  pages={28},
  year={2016},
  publisher={ACM}
}

@InProceedings{bazSemEval17,
  author    = {Baziotis, Christos  and  Pelekis, Nikos  and  Doulkeridis, Christos},
  title     = {DataStories at SemEval-2017 Task 4: Deep LSTM with Attention for Message-level and Topic-based Sentiment Analysis},
  booktitle = {Proceedings of the 11th International Workshop on Semantic Evaluation (SemEval-2017)},
  month     = {August},
  year      = {2017},
  address   = {Vancouver, Canada},
  publisher = {Association for Computational Linguistics},
  pages     = {747--754}
}

@article{go2009twitter,
  title={Twitter sentiment classification using distant supervision},
  author={Go, Alec and Bhayani, Richa and Huang, Lei},
  journal={CS224N Project Report, Stanford},
  volume={1},
  number={2009},
  pages={12},
  year={2009}
}